@article{beltran2022implementation,
  title={Implementation of a Teledentistry Platform for Dental Emergencies for the Elderly in the Context of the COVID-19 Pandemic in Chile},
  author={Beltr{\'a}n, V{\'\i}ctor and von Marttens, Alfredo and Acu{\~n}a-Mardones, Pablo and Sanzana-Luengo, Cristina and Rueda-Vel{\'a}squez, Sandra J and Alvarado, Eloy and Flores, Marco and Cerda, Angeline and Venegas, Bernardo},
  journal={BioMed Research International},
  volume={2022},
  year={2022},
  publisher={Hindawi}
}

@article{stehlik2022redacs,
  title={REDACS: Regional emergency-driven adaptive cluster sampling for effective COVID-19 management},
  author={Stehl{\'\i}k, M and Kisel'{\'a}k, J and Dinamarca, A and Alvarado, E and Plaza, F and Medina, FA and Stehl{\'\i}kov{\'a}, S and Marek, J and Venegas, B and Gajdo{\v{s}}, A and others},
  journal={Stochastic Analysis and Applications},
  pages={1--35},
  year={2022},
  publisher={Taylor \& Francis}
}

@Comment{jabref-meta: databaseType:bibtex;}
